%% This BibTeX bibliography file was created using BibDesk.
%% http://bibdesk.sourceforge.net/


@misc{listdata,
	title = "Working with Firebase Realtime Database Lists",
	month = "August",
	year = "2017",
	howpublished = {\url{http://www.techotopia.com/index.php/Working_with_Firebase_Realtime_Database_Lists}}
}

@misc{f_readwrite,
	title = "Read and Write Data on Android",
	month = "April",
	year = "2017",
	howpublished = {\url{https://firebase.google.com/docs/database/android/read-and-write}}
}

@misc{offline,
	title = "Enabling Offline Capabilities on Android",
	month = "April",
	year = "2018",
	howpublished = {\url{https://firebase.google.com/docs/database/android/offline-capabilities}}
}

@misc{couchbase,
	title = "Getting Comfortable with Couchbase Mobile: Sync Gateway via the Command Line",
	month = "February",
	year = "2017",
	howpublished = {\url{https://blog.couchbase.com/getting-comfortable-with-couchbase-mobile-sync-gateway-via-the-command-line/}}
}

